@book{Privault2013,
  author    = {Nicolas Privault},
  title     = {Understanding Markov Chains},
  year      = {2018},
  publisher = {Springer},
  address   = {Cham},
  isbn      = {978-981-13-0658-7},
  doi       = {10.1007/978-3-319-19799-6},
  edition   = {2nd},
  series    = {Springer Undergraduate Mathematics Series},
  url       = {https://doi.org/10.1007/978-981-13-0658-7}
}

@book{norris97,
  added-at = {2011-05-09T23:10:52.000+0200},
  address = {Cambridge, UK},
  author = {Norris, J. R.},
  biburl = {https://www.bibsonomy.org/bibtex/25544e31bf4ad2b57f702536b978b64a4/josephausterwei},
  interhash = {a9011cd0840f0900986299ad5ece75f9},
  intrahash = {5544e31bf4ad2b57f702536b978b64a4},
  keywords = {imported},
  publisher = {Cambridge University Press},
  timestamp = {2011-05-10T10:42:42.000+0200},
  title = {Markov Chains},
  year = 1997
}

@misc{OmbachMazur2006,
  author       = {Ombach, Jan and Mazur, Michał},
  title        = {Rachunek prawdopodobieństwa i statystyka – kurs internetowy},
  howpublished = {\url{https://wazniak.mimuw.edu.pl/index.php?title=Rachunek_prawdopodobie%C5%84stwa_i_statystyka}},
  address      = {Warszawa},
  note         = {dostęp 1 sierpnia 2025},
}



@misc{biswas2022variousproofsfundamentaltheorem,
      title={Various proofs of the Fundamental Theorem of Markov Chains}, 
      author={Somenath Biswas},
      year={2022},
      eprint={2204.00784},
      archivePrefix={arXiv},
      primaryClass={math.PR},
      url={https://arxiv.org/abs/2204.00784}, 
}

@article{article1,
author = {Xiong, James and Idzorek, Thomas},
journal = {Journal of Banking \& Finance},
year = {2012},
month = {07},
pages = {},
title = {Estimating Credit Risk and Illiquidity Risk in Guaranteed Investment Products}
}

@article{article2,
author = {Hayes, Brian},
year = {2013},
month = {03},
pages = {92-97},
title = {First Links in the Markov Chain},
volume = {101},
journal = {American Scientist},
doi = {10.1511/2013.101.92}
}
